<record><leader>00000cas a22000007a 4500</leader><controlfield tag="001">19996823</controlfield><controlfield tag="008">890712c19239999mouwr ne      0    0eng d</controlfield><datafield ind1=" " ind2=" " tag="010"><subfield code="a">sn 89066697 </subfield></datafield><datafield ind1=" " ind2=" " tag="040"><subfield code="a">MQN</subfield><subfield code="b">eng</subfield><subfield code="c">MQN</subfield><subfield code="d">OCLCQ</subfield><subfield code="d">DLC</subfield></datafield><datafield ind1=" " ind2=" " tag="042"><subfield code="a">msc</subfield></datafield><datafield ind1="0" ind2=" " tag="130"><subfield code="a">Banner-press (Marble Hill, Mo.)</subfield></datafield><datafield ind1="1" ind2="4" tag="245"><subfield code="a">The banner-press.</subfield></datafield><datafield ind1=" " ind2=" " tag="260"><subfield code="a">Marble Hill, Mo. :</subfield><subfield code="b">F.A. Wiggs,</subfield><subfield code="c">1923-</subfield></datafield><datafield ind1=" " ind2=" " tag="300"><subfield code="a">v.</subfield></datafield><datafield ind1=" " ind2=" " tag="310"><subfield code="a">Weekly</subfield></datafield><datafield ind1="0" ind2=" " tag="362"><subfield code="a">Vol. 31, no. 42 (May 10, 1923)- = v. 43, no. 19-</subfield></datafield><datafield ind1=" " ind2=" " tag="752"><subfield code="a">United States</subfield><subfield code="b">Missouri</subfield><subfield code="c">Bollinger</subfield><subfield code="d">Marble Hill.</subfield></datafield><datafield ind1="0" ind2="4" tag="780"><subfield code="t">Lutesville banner</subfield><subfield code="w">(DLC)sn 89066696</subfield></datafield><datafield ind1="0" ind2="4" tag="780"><subfield code="t">Marble Hill press</subfield><subfield code="x">2378-5233</subfield><subfield code="w">(DLC)sn 89066695</subfield><subfield code="w">(OCoLC)19996812</subfield></datafield></record>